@article{ambadekar2019,
  author = "Sarita P. Ambadekar and Jayshree Jain and Jayshree Khanapuri",
  title = "Digital Image Watermarking Through Encryption and DWT for Copyright Protection",
  journal = "Recent Trends in Signal and Image Processing",
  publisher = "Springer",
  pages = "187-195",
  year = 2019
}

@inproceedings{ingale2016,
  title = "Digital Watermarking Algorithm using DWT Technique",
  author = "Sumedh P. Ingale and Chandrashekhar A. Dhote",
  year = 2016,
  url = "https://api.semanticscholar.org/CorpusID:212459896"
}

@article{nagajyothi2020,
  author = "T. Nagajyothi and Dr. Amit Kr. Jain",
  title = "An Approach to Embed Image in Video as Digital Watermark",
  journal = "INTERNATIONAL JOURNAL OF ENGINEERING RESEARCH & TECHNOLOGY (IJERT)",
  volume = "09",
  issue = "01",
  year = 2020
}
